@misc{arch_of_in_saits,
	author = "Иван Блинков",
	title = "Интерактивные сайты",
	howpublished = "\url{http://www.insight-it.ru/interactive/}",
	year = {2012}
}  

@misc{arch_of_in_saits,
	author = " Aaron Hardy",
	title = "JavaScript Architecture: The Basics",
	howpublished = "\url{http://aaronhardy.com/javascript/javascript-architecture-the-basics/}",
	year = {2011}
} 

@misc{ruby_on_rails_tutorial,
	author = "Michael Hartl",
	title = "Ruby on Rails Tutorial Learn Web Development with Rails",
	howpublished = "\url{http://ruby.railstutorial.org/}",
	year = {2012}
}  

@book{postgresql_book,
   author = "А. Ю. Васильев",
   title = "Работа с PostgreSQL: настройка и масштабирование",
   publisher = "\url{http://leopard.in.ua/}",
   year = 2012
}

@book{backbone_book,
   author = "Addy Osmani",
   title = "Developing Backbone.js Applications",
   publisher = "\url{http://addyosmani.github.io/backbone-fundamentals/}",
   year = 2012
}

@book{ruby_book,
   author = "Д. Флэнаган, Ю. Мацумото",
   title = "The Ruby Programming Language",
   publisher = "Питер",
   year = 2011
} 

@book{ruby_book_2,
   author = "David A.Black",
   title = "The Well-Grounded Rubyist",
   publisher = "Manning Publications Co.",
   year = 2009
} 
